<record><leader>00000cas a22000007a 4500</leader><controlfield tag="001">18729393</controlfield><controlfield tag="008">881109d18681870nyuwr ne      0    0eng d</controlfield><datafield ind1=" " ind2=" " tag="010"><subfield code="a">sn 88074860 </subfield></datafield><datafield ind1=" " ind2=" " tag="040"><subfield code="a">NYS</subfield><subfield code="b">eng</subfield><subfield code="c">NYS</subfield><subfield code="d">OCLCQ</subfield></datafield><datafield ind1=" " ind2=" " tag="042"><subfield code="a">msc</subfield></datafield><datafield ind1="0" ind2="0" tag="245"><subfield code="a">Springville journal and herald.</subfield></datafield><datafield ind1=" " ind2=" " tag="260"><subfield code="a">Springville, N.Y. :</subfield><subfield code="b">W.W. Blakely &amp; J.H. Melvin</subfield></datafield><datafield ind1=" " ind2=" " tag="300"><subfield code="a">v.</subfield></datafield><datafield ind1=" " ind2=" " tag="310"><subfield code="a">Weekly</subfield></datafield><datafield ind1="0" ind2=" " tag="362"><subfield code="a">Vol. 15, no. 785 (Apr. 11, 1868)-v. 17, no. 927 (Dec. 24, 1870) = -new ser., v. 4, no. 198.</subfield></datafield><datafield ind1=" " ind2="4" tag="651"><subfield code="a">Springville (N.Y.)</subfield><subfield code="v">Newspapers.</subfield></datafield><datafield ind1=" " ind2="4" tag="651"><subfield code="a">Erie County (N.Y.)</subfield><subfield code="v">Newspapers.</subfield></datafield><datafield ind1=" " ind2=" " tag="752"><subfield code="a">United States</subfield><subfield code="b">New York</subfield><subfield code="c">Erie</subfield><subfield code="d">Springville.</subfield></datafield><datafield ind1="0" ind2="4" tag="780"><subfield code="t">Springville journal (Springville, N.Y. : 1867)</subfield><subfield code="w">(DLC)sn 93063820</subfield></datafield><datafield ind1="0" ind2="4" tag="780"><subfield code="t">Springville herald (Springville, N.Y.)</subfield><subfield code="w">(DLC)sn 85027073</subfield></datafield><datafield ind1="0" ind2="0" tag="785"><subfield code="t">Journal and herald</subfield><subfield code="w">(DLC)sn 83032001</subfield></datafield><datafield ind1="1" ind2=" " tag="029"><subfield code="a">AU@</subfield><subfield code="b">000020538467</subfield></datafield></record>